<?xml version="1.0" encoding="UTF-8"?><collection xmlns="http://www.loc.gov/MARC21/slim"><record><leader>00413nam--2200133-i-4500</leader><controlfield tag="001">000011909</controlfield><controlfield tag="002">20161230</controlfield><controlfield tag="005">20161230201029</controlfield><controlfield tag="008">060222s1000------------r-----000-0-eng-d</controlfield><datafield ind1=" " ind2=" " tag="080"><subfield code="a">621.385.623:549.514.51(043)</subfield></datafield><datafield ind1=" " ind2=" " tag="100"><subfield code="a">Chauvin,Jacques</subfield></datafield><datafield ind1=" " ind2=" " tag="245"><subfield code="a">Regimes transitoires dans les resonateurs quartz soumis a des variatons rapides de tempe rature.these</subfield></datafield><datafield ind1=" " ind2=" " tag="260"><subfield code="a">Besancon,L Universite,1975. 78p</subfield></datafield><datafield ind1=" " ind2=" " tag="852"><subfield code="a">44115</subfield></datafield></record></collection>